<collection xmlns="http://www.loc.gov/MARC21/slim">
<record>
  <leader>01512nam0a22002171i 450 </leader>
  <controlfield tag="001">IT\ICCU\CNCE\059076</controlfield>
  <controlfield tag="005">20061002000000.0</controlfield>
  <datafield tag="100" ind1=" " ind2=" ">
    <subfield code="a">20040909f1593        0itac0103    ba</subfield>
  </datafield>
  <datafield tag="101" ind1=" " ind2=" ">
    <subfield code="a">ITA</subfield>
  </datafield>
  <datafield tag="102" ind1=" " ind2=" ">
    <subfield code="a">IT</subfield>
  </datafield>
  <datafield tag="200" ind1="1" ind2=" ">
    <subfield code="a">Vincenzo per la gratia di Dio, duca di Mantova, et di Monferrato etc. Non cessando noi con beneuolo, et paterna cura, di solleuare sempre, et beneficiare, i sudditi nostri, maggiormente v&apos;inuigiliamo quando ne vediamo il bisogno; onde considerando, i tempi calamitosi passati, et presenti ... ci piace, per bene anco publico, di significar&apos; loro con nuoue dimostrationi, la buona volont,̉ che li portiamo; et cos veniamo, con cordial affetto,  ̉fare ad essi sudditi nostri ... le sussequenti gratie ... Tuttidonque, i sudditi nostri predetti di questo ducato ... vogliamo, che abbiano, et s&apos;intendano hauere gratia, et remissione generale d&apos;ogni condennatione,  ̣bando ... data nella citt ̉nostra di Casale,  ̉27 di marzo 1593</subfield>
  </datafield>
  <datafield tag="210" ind1=" " ind2=" ">
    <subfield code="a">In Trino</subfield>
    <subfield code="c">appresso Clara Giolita de&apos; Ferrari</subfield>
    <subfield code="d">\1593?!</subfield>
  </datafield>
  <datafield tag="215" ind1=" " ind2=" ">
    <subfield code="a">1 manifesto</subfield>
    <subfield code="d">fol</subfield>
  </datafield>
  <datafield tag="300" ind1=" " ind2=" ">
    <subfield code="a">La data si ricava dal datum</subfield>
  </datafield>
  <datafield tag="620" ind1=" " ind2=" ">
    <subfield code="a">IT</subfield>
    <subfield code="d">Trino</subfield>
  </datafield>
  <datafield tag="710" ind1="0" ind2="2">
    <subfield code="a">Monferrato</subfield>
    <subfield code="c"> &lt;Ducato&gt;</subfield>
    <subfield code="3">7728</subfield>
  </datafield>
  <datafield tag="712" ind1="0" ind2="0">
    <subfield code="a">Giolito De Ferrari, Chiara</subfield>
    <subfield code="3">IT\ICCU\CNCT\002347</subfield>
    <subfield code="4">650</subfield>
  </datafield>
  <datafield tag="791" ind1="0" ind2="0">
    <subfield code="a">Iolita De Ferrariis, Clara</subfield>
    <subfield code="3">IT\ICCU\CNCT\003846</subfield>
    <subfield code="z">Giolito De Ferrari, Chiara</subfield>
  </datafield>
  <datafield tag="791" ind1="0" ind2="0">
    <subfield code="a">Giolita de&apos; Ferrari, Clara</subfield>
    <subfield code="3">IT\ICCU\CNCT\004884</subfield>
    <subfield code="z">Giolito De Ferrari, Chiara</subfield>
  </datafield>
  <datafield tag="801" ind1=" " ind2="3">
    <subfield code="a">IT</subfield>
    <subfield code="b">ICCU</subfield>
    <subfield code="c">20201115</subfield>
  </datafield>
  <datafield tag="899" ind1=" " ind2=" ">
    <subfield code="a">Biblioteca dell&apos;Archivio di Stato di Torino. Torino</subfield>
    <subfield code="1">TO0321</subfield>
    <subfield code="2">TO0 71</subfield>
  </datafield>
</record>
</collection>
